% This file was created with JabRef 2.7b.
% Encoding: UTF-8

@ARTICLE{base_article,
  author = {A.N. Grishkov,
	
	F. Marko,
	
	A.N. Zubkov},
  title = {Description of costandard modules for Schur superalgebra S(2|1) in
	positive characteristic},
  journal = {Linear and Multilinear Algebra},
  year = {2010},
  volume = {59},
  pages = {57-64},
  month = {April}
}

@ARTICLE{donkin,
  author = {S. Donkin},
  title = {Symmetric and Exterior powers, linear source modules andrepresentations
	of Schursuperalgebras},
  journal = {London Mathematical Society},
  year = {2001},
  volume = {83},
  pages = {647-680}
}

@ARTICLE{fmarko,
  author = {F. Marko,
	
	A.N. Zubkov},
  title = {Schur Superalgebras in Characteristic $p$},
  journal = {London Mathematical Society},
  year = {2006},
  volume = {38},
  pages = {99-112}
}

@ARTICLE{brundan_kujawa,
  author = {J. Brundan,
	
	J. Kujawa},
  title = {A New Proof of the Mullineux Conjecture},
  journal = {Journal of Algebraic Combinatorics},
  year = {2003},
  volume = {18},
  pages = {13-39}
}

@BOOK{jantzen,
  title = {Representations of Algebraic Groups},
  publisher = {Academic Press, Inc., Orlando, Florida},
  year = {1987},
  author = {J.C. Jantzen},
  owner = {pavel},
  timestamp = {2012.05.18}
}

@ARTICLE{kac,
  author = {V.G. Kac},
  title = {Lie Superalgebras},
  journal = {Advanced in Mathematics},
  year = {1977},
  volume = {26},
  pages = {8-96},
  owner = {pavel},
  timestamp = {2012.05.18}
}

@BOOK{kleshchev,
  title = {Linear and projective representations of symmetric groups},
  publisher = {Cambridge University Press},
  year = {2005},
  author = {A. Kleshchev},
  owner = {pavel},
  timestamp = {2012.06.02}
}

@ARTICLE{steinberg_theorem,
  author = {J. Kujawa},
  title = {The Steinberg Tensor Product Theorem for $GL(m|n)$},
  journal = {American Mathematical Society},
  year = {2006},
  volume = {413},
  pages = {123-132}
}

@ARTICLE{la_scala,
  author = {R.L. Scala,
	
	A.N. Zubkov},
  title = {Costandard Modules Over Schur Superalgebras in Characteristic $p$},
  journal = {Journal of Algebra and its Applications},
  year = {2008},
  volume = {7},
  pages = {147-166},
  number = {2},
  month = {April}
}

@BOOK{sweedler,
  title = {Hopf Algebras},
  publisher = {W.A. Benjamin, Inc., New York},
  year = {1969},
  author = {M.E. Sweedler},
  owner = {pavel},
  timestamp = {2012.05.18}
}

@BOOK{waterhouse,
  title = {Introduction to Affine Group Schemes},
  publisher = {Springer Verlag},
  year = {1979},
  author = {W.C. Waterhouse},
  owner = {pavel},
  timestamp = {2012.05.18}
}

@ARTICLE{affine_quotients,
  author = {A.N. Zubkov},
  title = {Affine Quotients of Supergroups},
  journal = {Transformation Groups},
  year = {2009},
  volume = {14},
  pages = {713-745},
  number = {3}
}

@BOOK{arjantsev,
  title = {Градуированные алгебры и 14-я проблема Гильберта},
  publisher = {МЦНМО, Москва},
  year = {2009},
  author = {И.В. Аржанцев},
  owner = {pavel},
  timestamp = {2012.06.02}
}

@ARTICLE{some_properties_supergroups,
  author = {А.Н. Зубков},
  title = {О некоторых свойствах общих линейных супергрупп и супералгебр Шура},
  journal = {Алгебра и логика},
  year = {2006},
  volume = {45},
  pages = {257-299},
  number = {3}
}

@ARTICLE{borel_subalgebras,
  author = {А.Н. Зубков},
  title = {Подалгебры Бореля супералгебр Шура},
  journal = {Алгебра и логика},
  year = {2005},
  volume = {44},
  pages = {305-334},
  number = {3}
}

@BOOK{category_introduction,
  title = {Введение в теорию категорий и функторов},
  publisher = {Мир, Москва},
  year = {1972},
  author = {И. Букур, А. Деляну},
  owner = {pavel},
  timestamp = {2012.06.01}
}

@BOOK{mclane,
  title = {Категории для работающего математика},
  publisher = {ФИЗМАТЛИТ},
  year = {2004},
  author = {С. Маклейн},
  owner = {pavel},
  timestamp = {2012.06.01}
}

@BOOK{shafarevich,
  title = {Основы алгебраичческой геометрии},
  publisher = {Наука, Москва},
  year = {1988},
  author = {И.Р. Шафаревич},
  owner = {pavel},
  timestamp = {2012.06.02}
}

@comment{jabref-meta: selector_publisher:}

@comment{jabref-meta: selector_author:}

@comment{jabref-meta: selector_journal:}

@comment{jabref-meta: selector_keywords:}

